@misc{aijunkie,
    author   = "Unknown",
    title    = "ai-junkie",
    url      = "http://www.ai-junkie.com",
    keywords = "neural networks, genetic algorithms"
}

@misc{introresneur,
    author   = "Alp Mestan",
    title    = "Introduction aux Réseaux de Neurones Artificiels Feed Forward",
    url      = "http://alp.developpez.com/tutoriels/intelligence-artificielle/reseaux-de-neurones/",
    keywords = "reseaux de neurones, feed forward"
}

@misc{resneurevol,
    author   = "Quentin de Laroussilhe",
    title    = "Un réseau de neurones artificiels évolutif",
    url      = "http://underflow.fr/projets/un-reseau-de-neurones-artificiels-evolutif-368",
    keywords = "reseaux de neurones, algorithmes génétiques"
}

@book{resneur,
    author    = "Wulfram Gerstner",
    title     = "RESEAUX DE NEURONES
ARTIFICIELS, Une introduction à l’apprentissage automatique",
    year      = "2006",
    publisher = "Laboratory of Computational Neuroscience (LCN) School of Computer and Communication Sciences",
    address   = ""
}

@book{resneursysint,
    author    = "Raul Rojas",
    title     = "Neural Networks A Systematic Introduction",
    year      = "1996",
    publisher = "Springer-Verlag",
    address   = "Berlin"
}

@book{resneurpat,
    author    = "Christopher M.Bishop",
    title     = "Neural Networks for Pattern Recognition",
    year      = "1995",
    publisher = "CLARENDON PRESS",
    address   = "Oxford"
}
